
@article{lecun2015deep,
    title={Deep learning},
    author={LeCun, Yann and Bengio, Yoshua and Hinton, Geoffrey},
    journal={Nature},
    volume={521},
    number={7553},
    pages={436--444},
    year={2015},
    publisher={Nature Publishing Group}
}

@article{attention2017,
    title={Attention is all you need},
    author={Vaswani, Ashish and Shazeer, Noam and Parmar, Niki and others},
    journal={Advances in neural information processing systems},
    volume={30},
    year={2017}
}

@book{bishop2006pattern,
    title={Pattern recognition and machine learning},
    author={Bishop, Christopher M},
    year={2006},
    publisher={Springer}
}
